% Encoding: UTF-8

@Manual{ionic1,
  title         = {Aplica{\c c}\~oes Mobile H\'{i}bridas: Um Estudo de Caso do Framework Ionic para Constru{\c c}\~ao de um Di\'{a}rio de Classe},
  author        = {Kamile A. WAHLBRINCK and Bruno B. BONIATI},
  year          = {2017},
  url           = {http://eati.info/eati/2017/assets/anais/Longos/L69.pdf},
  urlaccessdate = {11 de outubro de 2018},
}

@Manual{hibridoNativo1,
  title         = {Desenvolvimento h\'{i}brido versus desenvolvimento nativo de aplicativos m\'{o}veis.},
  author        = {Mariana Ribeiro MENDES and Itagildo Edmar GARBAZZA and Daniela Costa TERRA},
  year          = {2014},
  url           = {https://www.bambui.ifmg.edu.br/jornada_cientifica/2014/resumos/Info/Desenvolvimento%20h%C3%ADbrido%20versus%20desenvolvimento%20nativo%20de%20apl.pdf},
  urlaccessdate = {11 de outubro de 2018},
}

@Manual{SALESFORCE,
  title         = {Native, HTML5, or Hybrid: Understanding Your Mobile Application Development Options.},
  author        = {SALESFORCE},
  year          = {2016},
  url           = {https://developer.salesforce.com/page/Native,_HTML5,_or_Hybrid:_Understanding_Your_Mobile_Application_Development_Options},
  urlaccessdate = {11 de outubro de 2018},
}

@Manual{madeInWeb,
  title         = {Vantagens e desvantagens de app nativos, híbridos e mobile},
  author        = {MADE IN WEB},
  year          = {2018},
  url           = {https://www.madeinweb.com.br/blog/vantagens-e-desvantagens-de-app-nativos-hibridos-e-mobile/},
  urlaccessdate = {11 de outubro de 2018},
}

@Manual{pwa1,
  title         = {4 important points to know about Progressive Web Apps (PWA)},
  author        = {Deepu S. NATH},
  year          = {2017},
  url           = {http://eati.info/eati/2017/assets/anais/Longos/L69.pdf},
  urlaccessdate = {11 de outubro de 2018},
}

@Manual{xamarin,
  title         = {Diretrizes de plataforma cruzada},
  author        = {XAMARIN},
  year          = {2018},
  url           = {https://docs.microsoft.com/pt-br/xamarin/cross-platform/},
  urlaccessdate = {11 de outubro de 2018},
}

@Manual{cordova,
  title         = {Project Information},
  author        = {Apache CORDOVA},
  year          = {2018},
  url           = { https://projects.apache.org/project.html?cordova},
  urlaccessdate = {11 de outubro de 2018},
}

@Manual{ionic2,
  title         = {All about Ionic},
  author        = {IONIC},
  year          = {2017},
  url           = {https://ionicframework.com/about},
  urlaccessdate = {11 de outubro de 2018},
}

@Manual{monteiro,
  title         = {React Native: Webview ou realmente nativo?},
  author        = {Filipe MONTEIRO},
  year          = {2017},
  url           = {https://medium.com/nutripad/react-native-webview-ou-realmente-nativo-4e30a37ae020},
  urlaccessdate = {11 de outubro de 2018},
}

@Manual{cabral,
  title         = {React Native: Construa aplica{\c c}\~oes m\'{0}veis nativas com JavaScript.},
  author        = {Carlos CABRAL},
  year          = {2016},
  url           = {https://tableless.com.br/react-native-construa-aplicacoes-moveis-nativas-com-javascript/},
  urlaccessdate = {11 de outubro de 2018},
}

@Manual{barreto,
  title         = {Agilidade no desenvolvimento nativo – Flutter vs React Native.},
  author        = {Gustavo B. BARRETO and Esdras L. CHAVES},
  year          = {2018},
  url           = {https://blog.cedrotech.com/agilidade-no-desenvolvimento-nativo-flutter-vs-react-native/},
  urlaccessdate = {11 de outubro de 2018},
}

@Manual{abranches,
  title         = {Conhecendo um pouco mais do Flutter.},
  author        = {Junior ABRANCHES},
  year          = {2018},
  url           = {https://imasters.com.br/framework/conhecendo-um-pouco-mais-flutter},
  urlaccessdate = {11 de outubro de 2018},
}

@Manual{flutter,
  title         = {Technical overview.},
  author        = {Team Flutter},
  year          = {2018},
  url           = {https://flutter.io/technical-overview/},
  urlaccessdate = {11 de outubro de 2018},
}

@Manual{dart,
  title         = {Overview: The Dart Language},
  author        = {Team DART},
  year          = {2018},
  url           = {https://www.dartlang.org/guides/language},
  urlaccessdate = {11 de outubro de 2018},
}
@Comment{jabref-meta: databaseType:bibtex;}
